<?xml version="1.0" encoding="UTF-8"?><record xmlns="http://www.loc.gov/MARC21/slim" xmlns:cinclude="http://apache.org/cocoon/include/1.0" xmlns:zs="http://www.loc.gov/zing/srw/">
  <leader>00620cz  a2200145n  4500</leader>
  <controlfield tag="001">n 2008028879</controlfield>
  <controlfield tag="003">DLC</controlfield>
  <controlfield tag="005">20080422074933.0</controlfield>
  <controlfield tag="008">080421n| acannaabn          |a aaa      </controlfield>
  <datafield tag="010" ind1=" " ind2=" ">
    <subfield code="a">n 2008028879</subfield>
  </datafield>
  <datafield tag="040" ind1=" " ind2=" ">
    <subfield code="a">DLC</subfield>
    <subfield code="b">eng</subfield>
    <subfield code="c">DLC</subfield>
  </datafield>
  <datafield tag="100" ind1="1" ind2=" ">
    <subfield code="a">Verbovet︠s︡kiĭ, A. A.</subfield>
    <subfield code="q">(Aleksandr Aleksandrovich)</subfield>
  </datafield>
  <datafield tag="400" ind1="1" ind2=" ">
    <subfield code="a">Verbovet︠s︡kiĭ, Aleksandr Aleksandrovich</subfield>
  </datafield>
  <datafield tag="400" ind1="1" ind2=" ">
    <subfield code="a">Verbovetskiiy, Alexander</subfield>
  </datafield>
  <datafield tag="670" ind1=" " ind2=" ">
    <subfield code="a">Verbovet︠s︡kiĭ, A. A. Opticheskie t︠s︡ifrovye assot︠s︡iativnye informat︠s︡ionnye tekhnologii, 2005:</subfield>
    <subfield code="b">t.p. (Aleksandr Verbovet︠s︡kiĭ; Alexander Verbovetskiiy) t.p. verso (Aleksandr Aleksandrovich)</subfield>
  </datafield>
</record>